<?xml version="1.0" encoding="UTF-8"?>
<marc:collection xmlns:marc="http://www.loc.gov/MARC21/slim" xmlns:xsi="http://www.w3.org/2001/XMLSchema-instance" xsi:schemaLocation="http://www.loc.gov/MARC21/slim http://www.loc.gov/standards/marcxml/schema/MARC21slim.xsd">
   <marc:record type="Bibliographic">
      <marc:leader>00966cam a2200217 a 4500</marc:leader>
      <marc:controlfield tag="001">2768906</marc:controlfield>
      <marc:controlfield tag="003">NjP</marc:controlfield>
      <marc:controlfield tag="005">20100810140734.0</marc:controlfield>
      <marc:controlfield tag="008">941018s1930    ua bc         000 0darard</marc:controlfield>
      <marc:datafield tag="024" ind1="7" ind2=" ">
         <marc:subfield code="a">princeton_aco000148</marc:subfield>
         <marc:subfield code="2">local</marc:subfield>
      </marc:datafield>
      <marc:datafield tag="035" ind1=" " ind2=" ">
         <marc:subfield code="a">(OCoLC)ocm31305180</marc:subfield>
      </marc:datafield>
      <marc:datafield tag="035" ind1=" " ind2=" ">
         <marc:subfield code="9">CNG5325TS</marc:subfield>
      </marc:datafield>
      <marc:datafield tag="040" ind1=" " ind2=" ">
         <marc:subfield code="a">UUM</marc:subfield>
         <marc:subfield code="c">UUM</marc:subfield>
         <marc:subfield code="d">PUL</marc:subfield>
      </marc:datafield>
      <marc:datafield tag="100" ind1="1" ind2=" ">
         <marc:subfield code="a">Ibrāhīm, ʻAbd al-Jawwād Sayyid.</marc:subfield>
      </marc:datafield>
      <marc:datafield tag="245" ind1="1" ind2="0">
         <marc:subfield code="a">Shadhā al-ṭayyib fī dhikrá Abī al-Ṭayyib :</marc:subfield>
         <marc:subfield code="b">li-ṭalabah al- sanah al-khāmisah al-thānawīyah al-adabīyah /</marc:subfield>
         <marc:subfield code="c">bi-qalam ʻAbd al-Jawwād ibn Sayyid Ibrāhīm.</marc:subfield>
      </marc:datafield>
      <marc:datafield tag="250" ind1=" " ind2=" ">
         <marc:subfield code="a">al-Ṭabʻah 1.</marc:subfield>
      </marc:datafield>
      <marc:datafield tag="260" ind1=" " ind2=" ">
         <marc:subfield code="a">[Egypt] :</marc:subfield>
         <marc:subfield code="b">ʻA. al-J. S. Ibrāhīm,</marc:subfield>
         <marc:subfield code="c">1930</marc:subfield>
         <marc:subfield code="e">(Miṣr :</marc:subfield>
         <marc:subfield code="f">al- Maṭbaʻah al-Ahlīyah al-Kubrá)</marc:subfield>
      </marc:datafield>
      <marc:datafield tag="300" ind1=" " ind2=" ">
         <marc:subfield code="a">76 p., [1] folded leaf :</marc:subfield>
         <marc:subfield code="b">map, ports. ;</marc:subfield>
         <marc:subfield code="c">24 cm.</marc:subfield>
      </marc:datafield>
      <marc:datafield tag="500" ind1=" " ind2=" ">
         <marc:subfield code="a">In Arabic.</marc:subfield>
      </marc:datafield>
      <marc:datafield tag="600" ind1="1" ind2="0">
         <marc:subfield code="a">Mutanabbī, Abū al-Ṭayyib Aḥmad ibn al-Ḥusayn,</marc:subfield>
         <marc:subfield code="d">915 or 16-965</marc:subfield>
         <marc:subfield code="x">Criticism and interpretation.</marc:subfield>
      </marc:datafield>
      <marc:datafield tag="852" ind1="0" ind2=" ">
         <marc:subfield code="b">nec</marc:subfield>
         <marc:subfield code="h">PJ7750.M8</marc:subfield>
         <marc:subfield code="i">Z673 1930</marc:subfield>
         <marc:subfield code="p">3079735</marc:subfield>
         <marc:subfield code="x">reclassed from: 2272.695.7416</marc:subfield>
      </marc:datafield>
      <marc:datafield tag="945" ind1=" " ind2=" ">
         <marc:subfield code="a">F</marc:subfield>
         <marc:subfield code="b">1</marc:subfield>
         <marc:subfield code="c">2272.695.7416</marc:subfield>
      </marc:datafield>
      <marc:datafield tag="911" ind1=" " ind2=" ">
         <marc:subfield code="a">20000130</marc:subfield>
      </marc:datafield>
   </marc:record>
</marc:collection>
